<record><leader>00000cas a2200000 a 4500</leader><controlfield tag="001">12564607</controlfield><controlfield tag="008">850917d18841886ksuwr ne      0    0eng d</controlfield><datafield ind1=" " ind2=" " tag="010"><subfield code="a">sn 85029794 </subfield></datafield><datafield ind1=" " ind2=" " tag="040"><subfield code="a">KSH</subfield><subfield code="b">eng</subfield><subfield code="c">KSH</subfield><subfield code="d">NPT</subfield><subfield code="d">OCL</subfield><subfield code="d">OCLCQ</subfield></datafield><datafield ind1=" " ind2=" " tag="042"><subfield code="a">msc</subfield></datafield><datafield ind1="0" ind2=" " tag="130"><subfield code="a">Western live stock journal (Russell, Kan.)</subfield></datafield><datafield ind1="1" ind2="0" tag="245"><subfield code="a">Western live stock journal.</subfield></datafield><datafield ind1="3" ind2="0" tag="246"><subfield code="a">Western livestock journal</subfield></datafield><datafield ind1=" " ind2=" " tag="260"><subfield code="a">Russell, Kan. :</subfield><subfield code="b">Stowe &amp; Bouton,</subfield><subfield code="c">1884-1886.</subfield></datafield><datafield ind1=" " ind2=" " tag="300"><subfield code="a">2 v. ;</subfield><subfield code="c">54 cm.</subfield></datafield><datafield ind1=" " ind2=" " tag="310"><subfield code="a">Weekly</subfield></datafield><datafield ind1="0" ind2=" " tag="362"><subfield code="a">Vol. 1, no. 1 (Dec. 10, 1884)-v. 2, no. 55 (Dec. 29, 1886).</subfield></datafield><datafield ind1=" " ind2=" " tag="500"><subfield code="a">Published by E.L.S. Bouton, Feb. 11, 1885-Dec. 29, 1886.</subfield></datafield><datafield ind1="8" ind2=" " tag="521"><subfield code="a">"The stock men and farmer's paper."</subfield></datafield><datafield ind1=" " ind2=" " tag="752"><subfield code="a">United States</subfield><subfield code="b">Kansas</subfield><subfield code="c">Russell</subfield><subfield code="d">Russell.</subfield></datafield><datafield ind1="0" ind2="0" tag="785"><subfield code="t">Russell journal</subfield><subfield code="w">(DLC)sn 85029784</subfield></datafield><datafield ind1="1" ind2=" " tag="029"><subfield code="a">AU@</subfield><subfield code="b">000022172478</subfield></datafield></record>